<?xml version="1.0" encoding="UTF-8"?><collection xmlns="http://www.loc.gov/MARC21/slim"><record><leader>00383nam--2200133-i-4500</leader><controlfield tag="001">000008817</controlfield><controlfield tag="002">20161230</controlfield><controlfield tag="005">20161230201027</controlfield><controlfield tag="008">060222s1000------------r-----000-0-eng-d</controlfield><datafield ind1=" " ind2=" " tag="080"><subfield code="a">621.375.826</subfield></datafield><datafield ind1=" " ind2=" " tag="245"><subfield code="a">Lasre literature. a permuted bibliography 1959-1966</subfield></datafield><datafield ind1=" " ind2=" " tag="260"><subfield code="a">North Hollywood, Calif., Western Periodicals Co., 1967 Xi + 315 P</subfield></datafield><datafield ind1=" " ind2=" " tag="700"><subfield code="a">Ashburn, Edward V</subfield></datafield><datafield ind1=" " ind2=" " tag="852"><subfield code="a">D1225</subfield></datafield></record></collection>